<record><leader>01047cam a2200277 a 4500</leader><controlfield tag="001">1305389</controlfield><controlfield tag="008">900730s1985    abc               0 eng c</controlfield><datafield ind1=" " ind2=" " tag="035"><subfield code="a">ocm65876337</subfield></datafield><datafield ind1=" " ind2=" " tag="040"><subfield code="b">eng</subfield></datafield><datafield ind1=" " ind2=" " tag="043"><subfield code="a">n-cn-ab</subfield></datafield><datafield ind1=" " ind2=" " tag="049"><subfield code="a">AEU</subfield><subfield code="b">eng</subfield></datafield><datafield ind1=" " ind2="8" tag="055"><subfield code="a">KF 5571</subfield><subfield code="b">P497 1985</subfield></datafield><datafield ind1="0" ind2=" " tag="090"><subfield code="a">KF 5571 P497 1985</subfield></datafield><datafield ind1="2" ind2=" " tag="110"><subfield code="a">Petro-Canada.</subfield></datafield><datafield ind1="1" ind2="4" tag="245"><subfield code="a">The law related to ground water aquifers and competing uses in the Province of Alberta :</subfield><subfield code="b">a legal brief /</subfield><subfield code="c">prepared by The Environmental Law Centre for Petro-Canada Inc.</subfield></datafield><datafield ind1=" " ind2=" " tag="260"><subfield code="a">Edmonton, Alta. :</subfield><subfield code="b">Environmental Law Centre,</subfield><subfield code="c">[1985]</subfield></datafield><datafield ind1=" " ind2=" " tag="300"><subfield code="a">1 v. (various pagings) ;</subfield><subfield code="c">28 cm.</subfield></datafield><datafield ind1=" " ind2=" " tag="336"><subfield code="a">text</subfield><subfield code="b">txt</subfield><subfield code="2">rdacontent</subfield></datafield><datafield ind1=" " ind2=" " tag="337"><subfield code="a">unmediated</subfield><subfield code="b">n</subfield><subfield code="2">rdamedia</subfield></datafield><datafield ind1=" " ind2=" " tag="338"><subfield code="a">volume</subfield><subfield code="b">nc</subfield><subfield code="2">rdacarrier</subfield></datafield><datafield ind1=" " ind2=" " tag="500"><subfield code="a">"March, 1985."</subfield></datafield><datafield ind1=" " ind2=" " tag="596"><subfield code="a">38</subfield></datafield><datafield ind1=" " ind2="0" tag="650"><subfield code="a">Aquifers</subfield><subfield code="z">Alberta.</subfield></datafield><datafield ind1=" " ind2="0" tag="650"><subfield code="a">Groundwater</subfield><subfield code="x">Law and legislation</subfield><subfield code="z">Alberta.</subfield></datafield><datafield ind1="2" ind2=" " tag="710"><subfield code="a">Environmental Law Centre (Alta.)</subfield></datafield><datafield ind1=" " ind2=" " tag="926"><subfield code="a">KF 5571 P497 1985</subfield><subfield code="w">LC</subfield><subfield code="c">1</subfield><subfield code="i">000033367160</subfield><subfield code="d">4/19/2003</subfield><subfield code="l">ON_SHELF</subfield><subfield code="m">UABARD</subfield><subfield code="n">21</subfield><subfield code="p">$150.00</subfield><subfield code="r">Y</subfield><subfield code="s">Y</subfield><subfield code="t">BOOK</subfield><subfield code="u">11/1/1990</subfield><subfield code="o">.STAFF. B0027921</subfield></datafield></record>